% This file was created with JabRef 2.10.
% Encoding: Cp1250


@String { ACC       = {} }
@String { ACCV      = {Proc. Asian Conf. Computer Vision} }
@String { AHJ       = {Am. Heart J.} }
@String { AI        = {Artificial Intelligence} }
@String { AIAAJG    = {AIAA J. of Guidance} }
@String { AJC       = {Am. J. Cardiol.} }
@String { AJMAA     = {Australian J. Math. Analysis and Applications} }
@String { AMDO      = {Intl. Conf. Articulated Motion And Deformable Objects} }
@String { ANMS      = {Annals of Math. Statistics} }
@String { AO        = {Appl. Optics} }
@String { AP        = {Academic Press} }
@String { ARRD      = {Am. Rev. Resp. Dis.} }
@String { AS        = {Annaly of Statistics} }
@String { AUT       = {Automatica} }
@String { AVSS      = {Advanced Video and Signal Based Surveillance} }
@String { AW        = {Addison-Wesley} }
@String { BC        = {Biol. Cybernetics} }
@String { BMVC      = {Proc. British Machine Vision Conference} }
@String { CACM      = {Comm. of the ACM} }
@String { CAIP95    = {Int Conf. Comp. Anal. Images and Patterns} }
@String { CGIP      = {Comp. Graphics and Image Proc.} }
@String { CinC      = {Computers in Cardiology} }
@String { CJ        = {Comp. Journal} }
@String { CSDA      = {Comput. Stat. Data Analysis} }
@String { CSTM      = {Commu. Statist. Theory and Methods} }
@String { CVGIP     = {Comp. Vision, Graphics, and Image Proc.} }
@String { CVGIPG    = {CVGIP -- Graph. Models and Image Proc.} }
@String { CVGIPI    = {CVGIP -- Image Understanding} }
@String { CVIU      = {Comp. Vis. Image Understanding} }
@String { CVPR      = {Comp. Vis. Patt. Recognition} }
@String { DAGM      = {Ann. Symp. German Association Patt. Recogn.} }
@String { ECCV      = {Proc. European Conf. Computer Vision} }
@String { EHJ       = {Eur. Heart J.} }
@String { ER        = {Electrotechnical Review} }
@String { GMIP      = {Graph. Models and Image Proc.} }
@String { IBM       = {IBM J. of Research and Development} }
@String { ICARCV    = {Int. Conf. Control Aut. Rob. and Vision} }
@String { ICASSP    = {Proc. Int. Conf. Acoust., Speech, Signal Processing} }
@String { ICCV      = {Int. Conf. Computer Vision} }
@String { ICIAP     = {Proc. Int. Conf. Image Analysis and Processing} }
@String { ICIG      = {Proc. Int. Conf. Image and Graphics} }
@String { ICIP      = {Proc. Int. Conf. Image Processing} }
@String { ICML      = {Proc. Int. Conf. Mach. Learning} }
@String { ICPP      = {Int. Conf. Parallel Processing} }
@String { ICPR      = {Proc. Int. Conf. Pattern Recognition} }
@String { ICRA      = {Int. Conf. Robotics and Automation} }
@String { IEEAC     = {IEEE Trans. Automatic Control} }
@String { IEEEAES   = {IEEE Trans. Aerospace and Electronic Systems} }
@String { IEEEASSP  = {IEEE Trans. Acoustics, Speech, and Signal Proc.} }
@String { IEEEBME   = {IEEE Trans. Biomed. Eng.} }
@String { IEEECOMM  = {IEEE Trans. Communications} }
@String { IEEECOMMT = {IEEE Trans. Communications Technology} }
@String { IEEECOMP  = {IEEE Trans. Computers} }
@String { IEEEFS    = {IEEE Trans. Fuzzy Systems} }
@String { IEEEGRS   = {IEEE Trans. Geoscience and Remote Sensing} }
@String { IEEEICIP  = {Proc. IEEE Int. Conf. Image Processing} }
@String { IEEEIP    = {IEEE Trans. Image Proc.} }
@String { IEEEIT    = {IEEE Trans. Information Theory} }
@String { IEEEKDE   = {IEEE Trans. Knowledge and Data Eng.} }
@String { IEEEMI    = {IEEE Trans. Med. Imaging} }
@String { IEEEPAMI  = {IEEE Trans. Pattern Anal. Mach. Intell.} }
@String { IEEESE    = {IEEE Trans. Software Eng.} }
@String { IEEESMCB  = {IEEE Trans. Systems, Man and Cybernetics, B} }
@String { IEEESMCC  = {IEEE Trans. Systems, Man and Cybernetics, C} }
@String { IEEESP    = {IEEE Trans. Signal Proc.} }
@String { IEEETIP   = {} }
@String { IEEETMI   = {IEEE Trans. Med. Imaging} }
@String { IEEETNN   = {IEEE Trans. Neural Networks} }
@String { IEERSN    = {IEE Proceedings Radar, Sonar and Navigation} }
@String { IEEVISP   = {IEE Proceedings Vision, Image and Signal Processing} }
@String { IJCI      = {Int. J. Cardiac Imag.} }
@String { IJCV      = {Int. J. Comput. Vision} }
@String { IJPP      = {Int. J. Parallel Programming} }
@String { IJPRAI    = {Int. Journal of Pattern Recognition and Artificial Intelligence} }
@String { IJRR      = {Int. Journal of Robotics Research} }
@String { IPA       = {Int. Conf. Image Proc. Applications} }
@String { IPPS      = {Int. Parallel Processing Symposium} }
@String { IROS      = {Int. Conf. Intell. Robots and Systems} }
@String { IS        = {Inform. Sci.} }
@String { ISISPA    = {Proc. Int. Symp. Image and Signal Processing and Analysis} }
@String { IVC       = {Image and Vision Computing} }
@String { JACC      = {J. Am. Coll. Cardiol.} }
@String { JAP       = {J. Applied Physiology} }
@String { JAR       = {Auton. Robots} }
@String { JASA      = {J. Amer. Stat. Assoc.} }
@String { JCAT      = {J. Comp. Asst. Tomog.} }
@String { JCGS      = {J. Comp. and Graph. Statistics} }
@String { JE        = {J. of Econometrics} }
@String { JMS       = {J. Multimed. Syst.} }
@String { JORS      = {J. of the Operational Research Society} }
@String { JRSS      = {J. Royal Statistical Society} }
@String { JSMPF     = {J. Sports Med. and Phys. Fitness} }
@String { JVCIR     = {J.~Visual Comm. and Image Rep.} }
@String { JW        = {John Wiley and Sons} }
@String { KLUWER    = {Kluwer Academic Publishers} }
@String { MH        = {McGraw Hill} }
@String { NEJM      = {New Engl. J. Med.} }
@String { NH        = {North Holland} }
@String { NIPS      = {Neural Inf. Proc. Systems} }
@String { NN        = {Neural Networks} }
@String { OE        = {Ocean Engineering} }
@String { PETS      = {Perf. Eval. Track. and Surveillance} }
@String { PH        = {Prentice-Hall} }
@String { PMB       = {Phys. in Medic. \& Biol.} }
@String { PR        = {Patt. Recogn.} }
@String { PRL       = {Patt. Recogn. Lett.} }
@String { PROCIEEE  = {Proc. of the IEEE} }
@String { RAM       = {Int. Conf. Robotics, Aut. Mechatronics} }
@String { ROSUS     = {Ra{\v c}unalni{\v s}ka obdelava slik in njena uporaba v Sloveniji} }
@String { RTI       = {Real-time imaging} }
@String { SIGGRAPH  = {Proc. ACM Siggraph} }
@String { SOE       = {Society for Optical Engineering} }
@String { SP        = {Signal Processing} }
@String { SPE       = {Software -- Practice and Experience} }
@String { SPIEBIP   = {Proc. SPIE Conf. Biomed. Image Proc. and Biomed. Visual.} }
@String { SPIEMI    = {Proc. SPIE Conf. Medical Imaging} }
@String { SPIEMM    = {Proc. SPIE Conf. Image Algebra Math. Morph. Image Proc.} }
@String { SPIEVBC   = {Proc. SPIE Conf. Visual. in Biomed. Comp.} }
@String { SPIEVC    = {Proc. SPIE Conf. Visual Comm.} }
@String { SPIEVCIP  = {Proc. SPIE Conf. Visual Comm. and Image Proc.} }
@String { SV        = {Springer Verlag} }
@String { TPDS      = {IEEE Transactions on Parallel and Distributed Systems} }
@String { VISAPP    = { Intl.l Conf. Comp. Vis., Imaging and Comp. Graph. Theory and Applications} }

@article{10.1145/72551.72554,
  author     = {Hudak, Paul},
  title      = {Conception, Evolution, and Application of Functional Programming Languages},
  year       = {1989},
  month      = {9},
  issue_date = {Sep. 1989},
  publisher  = {Association for Computing Machinery},
  address    = {New York, NY, USA},
  volume     = {21},
  number     = {3},
  journal    = {ACM Computing Surveys},
  pages      = {359–411},
  numpages   = {53}
}

@inproceedings{brus1987clean,
  title        = {Clean --- A language for functional graph rewriting},
  author       = {Brus, Tom H and van Eekelen, Marko CJD and Van Leer, MO and Plasmeijer, Marinus J},
  booktitle    = {Functional Programming Languages and Computer Architecture: Portland, Oregon, USA, September 14--16, 1987 Proceedings},
  pages        = {364--384},
  year         = {1987},
  month        = {9},
  organization = {Springer}
}

@article{collins1960method,
  author     = {Collins, George E.},
  title      = {A Method for Overlapping and Erasure of Lists},
  year       = {1960},
  issue_date = {Dec. 1960},
  publisher  = {Association for Computing Machinery},
  address    = {New York, NY, USA},
  volume     = {3},
  number     = {12},
  journal    = {Communications of the {ACM}},
  month      = {12},
  pages      = {655--657},
  numpages   = {3}
}

@article{czaplicki2012elm,
  title   = {Elm : Concurrent {FRP} for Functional {GUI}s},
  author  = {Czaplicki, Evan},
  journal = {Senior thesis, Harvard University},
  volume  = {30},
  year    = {2012}
}

@article{fenichel1969lisp,
  title     = {A {LISP} garbage-collector for virtual-memory computer systems},
  author    = {Fenichel, Robert R and Yochelson, Jerome C},
  journal   = {Communications of the ACM},
  volume    = {12},
  number    = {11},
  pages     = {611--612},
  year      = {1969},
  publisher = {ACM New York, NY, USA}
}

@inproceedings{GHC,
  author    = {Jones, SL Peyton and Hammond, K and Partain, WD and Wadler, PL and Hall, CV and Peyton Jones, Simon},
  title     = {The {Glasgow} {Haskell} {Compiler}: a technical overview},
  year      = {1993},
  month     = {3},
  publisher = {DTI/SERC},
  pages     = {249-257},
  booktitle = {Proceedings of Joint Framework for Information Technology Technical Conference, Keele}
}

% STG - original (push, enter)
@article{jones1992implementing,
  title     = {{Implementing lazy functional languages on stock hardware: the Spineless Tagless G-machine}},
  author    = {Jones, Simon L Peyton},
  journal   = {Journal of functional programming},
  volume    = {2},
  number    = {2},
  pages     = {127--202},
  year      = {1992},
  publisher = {Cambridge University Press}
}

% STG - improved (eval, apply)
@book{jones2023garbage,
  title     = {The garbage collection handbook: the art of automatic memory management},
  author    = {Jones, Richard and Hosking, Antony and Moss, Eliot},
  year      = {2023},
  publisher = {CRC Press}
}

% Miranda
@phdthesis{Jung,
  title  = {Understanding and evolving the {Rust} programming language},
  author = {Jung, Ralf},
  year   = {2020},
  school = {Saarland University}
}

% Elm
@book{klabnik2023rust,
  title     = {The Rust Programming Language, 2nd Edition},
  author    = {Klabnik, S. and Nichols, C.},
  year      = {2023},
  publisher = {No Starch Press}
}

% Clean
@mastersthesis{Kocjan_Turk_2022,
  title  = {Len funkcijski programski jezik brez čistilca pomnilnika},
  school = {Univerza v Ljubljani},
  author = {Kocjan Turk, Toni},
  year   = {2022}
}

% F#
@article{marlow2004making,
  title     = {Making a fast curry: push/enter vs. eval/apply for higher-order languages},
  author    = {Marlow, Simon and Jones, Simon Peyton},
  journal   = {ACM SIGPLAN Notices},
  volume    = {39},
  number    = {9},
  pages     = {4--15},
  year      = {2004},
  publisher = {ACM New York, NY, USA}
}

% Scheme
@article{mccarthy1960recursive,
  title     = {Recursive functions of symbolic expressions and their computation by machine, part {I}},
  author    = {McCarthy, John},
  journal   = {Communications of the ACM},
  volume    = {3},
  number    = {4},
  pages     = {184--195},
  year      = {1960},
  publisher = {ACM New York, NY, USA}
}

@article{Oxide,
  title   = {Oxide: The essence of {Rust}},
  author  = {Weiss, Aaron and Gierczak, Olek and Patterson, Daniel and Ahmed, Amal},
  journal = {arXiv preprint arXiv:1903.00982},
  year    = {2019}
}


% Toni  Kocjan Turk
@book{peyton1987implementation,
  title     = {The implementation of functional programming languages (prentice-hall international series in computer science)},
  author    = {Peyton Jones, Simon L},
  year      = {1987},
  publisher = {{Prentice-Hall, Inc.}}
}

% Grin compiler
@article{podlovics2022modern,
  title     = {A modern look at {GRIN}, an optimizing functional language back end},
  author    = {Podlovics, Peter and Hruska, Csaba and P{\'e}nzes, Andor},
  journal   = {Acta Cybernetica},
  volume    = {25},
  number    = {4},
  pages     = {847--876},
  year      = {2022},
  publisher = {University of Szeged}
}

% Garbage collection - Haskell
@inproceedings{sansom1993generational,
  title     = {{Generational garbage collection for Haskell}},
  author    = {Sansom, Patrick M and Peyton Jones, Simon L},
  booktitle = {Proceedings of the conference on Functional programming languages and computer architecture},
  pages     = {106--116},
  year      = {1993}
}

% Haskell - Garbage collection
@article{sperber2009revised6,
  title     = {{Revised6 report on the algorithmic language Scheme}},
  author    = {Sperber, Michael and Dybvig, R Kent and Flatt, Matthew and Van Straaten, Anton and Findler, Robby and Matthews, Jacob},
  journal   = {Journal of Functional Programming},
  volume    = {19},
  number    = {S1},
  pages     = {1--301},
  year      = {2009},
  publisher = {Cambridge University Press}
}


% Rust
@article{StackedBorrows,
  title     = {Stacked borrows: an aliasing model for Rust},
  author    = {Jung, Ralf and Dang, Hoang-Hai and Kang, Jeehoon and Dreyer, Derek},
  journal   = {Proceedings of the ACM on Programming Languages},
  volume    = {4},
  number    = {POPL},
  pages     = {1--32},
  year      = {2019},
  publisher = {ACM New York, NY, USA}
}

@misc{syme2017the,
  author    = {Syme, Don},
  title     = {The F\# Compiler Technical Overview},
  year      = {2017},
  month     = {3},
  publisher = {The F\# Software Foundation Core Engineering Group}
}

@inproceedings{turner1985miranda,
  title        = {Miranda: A non-strict functional language with polymorphic types},
  author       = {Turner, David A},
  booktitle    = {Conference on Functional Programming Languages and Computer Architecture},
  pages        = {1--16},
  year         = {1985},
  organization = {Springer}
}

@inproceedings{LLVM:CGO04,
  author    = {Chris Lattner and Vikram Adve},
  title     = {{LLVM}: A Compilation Framework for Lifelong Program 
               Analysis and Transformation},
  booktitle = CGO,
  address   = {San Jose, CA, USA},
  month     = {3},
  year      = {2004},
  pages     = {75--88}
}

@inproceedings{boquist1997grin,
  title        = {The {GRIN} project: A highly optimising back end for lazy functional languages},
  author       = {Boquist, Urban and Johnsson, Thomas},
  booktitle    = {{Implementation of Functional Languages: 8th International Workshop, IFL'96 Bad Godesberg, Germany, September 16--18, 1996 Selected Papers 8}},
  pages        = {58--84},
  year         = {1997},
  organization = {Springer}
}

@techreport{proust2017asap,
  title       = {{ASAP}: As static as possible memory management},
  author      = {Proust, Rapha{\"e}l L},
  year        = {2017},
  institution = {University of Cambridge, Computer Laboratory}
}

@article{boquist1999code,
  title   = {Code optimization techniques for lazy functional languages},
  author  = {Boquist, Urban},
  journal = {Doktorsavhandlingar vid Chalmers Tekniska Hogskola},
  number  = {1495},
  pages   = {1--331},
  year    = {1999}
}

@techreport{corbyn:practical-static-memory-management,
  title       = {Practical Static Memory Management},
  author      = {Corbyn, Nathan},
  year        = {2020},
  institution = {University of Cambridge},
  note        = {{BA} Dissertation}
}

@book{scott2016programming,
  title     = {Programming language pragmatics},
  author    = {Scott, Michael},
  year      = {2016},
  edition   = {4},
  publisher = {Morgan Kaufmann}
}
