@article{10.1145/72551.72554,
	author     = {Hudak, Paul},
	title      = {Conception, Evolution, and Application of Functional Programming Languages},
	year       = {1989},
	month      = {9},
	issue_date = {Sep. 1989},
	publisher  = {Association for Computing Machinery},
	address    = {New York, NY, USA},
	volume     = {21},
	number     = {3},
	journal    = {ACM Computing Surveys},
	pages      = {359–411},
	numpages   = {53}
}

@inproceedings{brus1987clean,
	title        = {Clean --- A language for functional graph rewriting},
	author       = {Brus, Tom H and van Eekelen, Marko CJD and Van Leer, MO and Plasmeijer, Marinus J},
	booktitle    = {Functional Programming Languages and Computer Architecture: Portland, Oregon, USA, September 14--16, 1987 Proceedings},
	pages        = {364--384},
	year         = {1987},
	month        = {9},
	organization = {Springer}
}

@article{collins1960method,
	author     = {Collins, George E.},
	title      = {A Method for Overlapping and Erasure of Lists},
	year       = {1960},
	issue_date = {Dec. 1960},
	publisher  = {Association for Computing Machinery},
	address    = {New York, NY, USA},
	volume     = {3},
	number     = {12},
	journal    = {Communications of the {ACM}},
	month      = {12},
	pages      = {655--657},
	numpages   = {3}
}

@article{czaplicki2012elm,
	title   = {Elm : Concurrent {FRP} for Functional {GUI}s},
	author  = {Czaplicki, Evan},
	journal = {Senior thesis, Harvard University},
	volume  = {30},
	year    = {2012}
}

@article{fenichel1969lisp,
	title     = {A {LISP} garbage-collector for virtual-memory computer systems},
	author    = {Fenichel, Robert R and Yochelson, Jerome C},
	journal   = {Communications of the ACM},
	volume    = {12},
	number    = {11},
	pages     = {611--612},
	year      = {1969},
	publisher = {ACM New York, NY, USA}
}

@inproceedings{GHC,
	author    = {Jones, SL Peyton and Hammond, K and Partain, WD and Wadler, PL and Hall, CV and Peyton Jones, Simon},
	title     = {The {Glasgow} {Haskell} {Compiler}: a technical overview},
	year      = {1993},
	month     = {3},
	publisher = {DTI/SERC},
	pages     = {249-257},
	booktitle = {Proceedings of Joint Framework for Information Technology Technical Conference, Keele}
}

% STG - original (push, enter)
@article{jones1992implementing,
	title     = {{Implementing lazy functional languages on stock hardware: the Spineless Tagless G-machine}},
	author    = {Jones, Simon L Peyton},
	journal   = {Journal of functional programming},
	volume    = {2},
	number    = {2},
	pages     = {127--202},
	year      = {1992},
	publisher = {Cambridge University Press}
}

@article{jones1992tail,
	title={Tail recursion without space leaks},
	author={Jones, Richard},
	journal={Journal of Functional Programming},
	volume={2},
	number={1},
	pages={73--79},
	year={1992},
	publisher={Cambridge University Press}
}

% STG - improved (eval, apply)
@book{jones2023garbage,
	title     = {The garbage collection handbook: the art of automatic memory management},
	author    = {Jones, Richard and Hosking, Antony and Moss, Eliot},
	year      = {2023},
	publisher = {CRC Press}
}

% Miranda
@phdthesis{Jung,
	title  = {Understanding and evolving the {Rust} programming language},
	author = {Jung, Ralf},
	year   = {2020},
	school = {Saarland University}
}

% Elm
@book{klabnik2023rust,
	title     = {The Rust Programming Language, 2nd Edition},
	author    = {Klabnik, S. and Nichols, C.},
	year      = {2023},
	publisher = {No Starch Press}
}

% Clean
@mastersthesis{Kocjan_Turk_2022,
	title  = {Len funkcijski programski jezik brez čistilca pomnilnika},
	school = {Univerza v Ljubljani},
	author = {Kocjan Turk, Toni},
	year   = {2022}
}

% F#
@article{marlow2004making,
	title     = {Making a fast curry: push/enter vs. eval/apply for higher-order languages},
	author    = {Marlow, Simon and Jones, Simon Peyton},
	journal   = {ACM SIGPLAN Notices},
	volume    = {39},
	number    = {9},
	pages     = {4--15},
	year      = {2004},
	publisher = {ACM New York, NY, USA}
}

% Scheme
@article{mccarthy1960recursive,
	title     = {Recursive functions of symbolic expressions and their computation by machine, part {I}},
	author    = {McCarthy, John},
	journal   = {Communications of the ACM},
	volume    = {3},
	number    = {4},
	pages     = {184--195},
	year      = {1960},
	publisher = {ACM New York, NY, USA}
}

@article{Oxide,
	title   = {Oxide: The essence of {Rust}},
	author  = {Weiss, Aaron and Gierczak, Olek and Patterson, Daniel and Ahmed, Amal},
	journal = {arXiv preprint arXiv:1903.00982},
	year    = {2019}
}


% Toni  Kocjan Turk
@book{peyton1987implementation,
	title     = {The implementation of functional programming languages (prentice-hall international series in computer science)},
	author    = {Peyton Jones, Simon L},
	year      = {1987},
	publisher = {{Prentice-Hall, Inc.}}
}

% Grin compiler
@article{podlovics2022modern,
	title     = {A modern look at {GRIN}, an optimizing functional language back end},
	author    = {Podlovics, Peter and Hruska, Csaba and P{\'e}nzes, Andor},
	journal   = {Acta Cybernetica},
	volume    = {25},
	number    = {4},
	pages     = {847--876},
	year      = {2022},
	publisher = {University of Szeged}
}

% Garbage collection - Haskell
@inproceedings{sansom1993generational,
	title     = {{Generational garbage collection for Haskell}},
	author    = {Sansom, Patrick M and Peyton Jones, Simon L},
	booktitle = {Proceedings of the conference on Functional programming languages and computer architecture},
	pages     = {106--116},
	year      = {1993}
}

% Haskell - Garbage collection
@article{sperber2009revised6,
	title     = {{Revised6 report on the algorithmic language Scheme}},
	author    = {Sperber, Michael and Dybvig, R Kent and Flatt, Matthew and Van Straaten, Anton and Findler, Robby and Matthews, Jacob},
	journal   = {Journal of Functional Programming},
	volume    = {19},
	number    = {S1},
	pages     = {1--301},
	year      = {2009},
	publisher = {Cambridge University Press}
}


% Rust
@article{StackedBorrows,
	title     = {Stacked borrows: an aliasing model for Rust},
	author    = {Jung, Ralf and Dang, Hoang-Hai and Kang, Jeehoon and Dreyer, Derek},
	journal   = {Proceedings of the ACM on Programming Languages},
	volume    = {4},
	number    = {POPL},
	pages     = {1--32},
	year      = {2019},
	publisher = {ACM New York, NY, USA}
}

@misc{syme2017the,
	author    = {Syme, Don},
	title     = {The F\# Compiler Technical Overview},
	year      = {2017},
	month     = {3},
	publisher = {The F\# Software Foundation Core Engineering Group}
}

@inproceedings{turner1985miranda,
	title        = {Miranda: A non-strict functional language with polymorphic types},
	author       = {Turner, David A},
	booktitle    = {Conference on Functional Programming Languages and Computer Architecture},
	pages        = {1--16},
	year         = {1985},
	organization = {Springer}
}

@inproceedings{LLVM:CGO04,
	author    = {Chris Lattner and Vikram Adve},
	title     = {{LLVM}: A Compilation Framework for Lifelong Program 
	Analysis and Transformation},
	booktitle = CGO,
	address   = {San Jose, CA, USA},
	month     = {3},
	year      = {2004},
	pages     = {75--88}
}

@inproceedings{boquist1997grin,
	title        = {The {GRIN} project: A highly optimising back end for lazy functional languages},
	author       = {Boquist, Urban and Johnsson, Thomas},
	booktitle    = {{Implementation of Functional Languages: 8th International Workshop, IFL'96 Bad Godesberg, Germany, September 16--18, 1996 Selected Papers 8}},
	pages        = {58--84},
	year         = {1997},
	organization = {Springer}
}

@techreport{proust2017asap,
	title       = {{ASAP}: As static as possible memory management},
	author      = {Proust, Rapha{\"e}l L},
	year        = {2017},
	institution = {University of Cambridge, Computer Laboratory}
}

@article{boquist1999code,
	title   = {Code optimization techniques for lazy functional languages},
	author  = {Boquist, Urban},
	journal = {Doktorsavhandlingar vid Chalmers Tekniska Hogskola},
	number  = {1495},
	pages   = {1--331},
	year    = {1999}
}

@techreport{corbyn:practical-static-memory-management,
	title       = {Practical Static Memory Management},
	author      = {Corbyn, Nathan},
	year        = {2020},
	institution = {University of Cambridge},
	note        = {{BA} Dissertation}
}

@book{scott2016programming,
	title     = {Programming language pragmatics},
	author    = {Scott, Michael},
	year      = {2016},
	edition   = {4},
	publisher = {Morgan Kaufmann}
}

@inproceedings{flanagan1993essence,
	title={The essence of compiling with continuations},
	author={Flanagan, Cormac and Sabry, Amr and Duba, Bruce F and Felleisen, Matthias},
	booktitle={Proceedings of the ACM SIGPLAN 1993 conference on Programming language design and implementation},
	pages={237--247},
	year={1993}
}
